<record><leader>00000cas a22000007a 4500</leader><controlfield tag="001">22302013</controlfield><controlfield tag="008">900831d19uu1973nyuwr ne      0    0eng d</controlfield><datafield ind1=" " ind2=" " tag="010"><subfield code="a">sn 90066302 </subfield></datafield><datafield ind1=" " ind2=" " tag="040"><subfield code="a">NYS</subfield><subfield code="b">eng</subfield><subfield code="c">NYS</subfield><subfield code="d">OCLCQ</subfield></datafield><datafield ind1=" " ind2=" " tag="042"><subfield code="a">msc</subfield></datafield><datafield ind1="0" ind2="0" tag="245"><subfield code="a">Sullivan County press.</subfield></datafield><datafield ind1="3" ind2="0" tag="246"><subfield code="a">Sullivan County press combined with the Liberty ad-viser</subfield></datafield><datafield ind1="3" ind2="0" tag="246"><subfield code="a">Sullivan County press, consolidated with the Liberty ad-viser</subfield></datafield><datafield ind1="1" ind2="3" tag="246"><subfield code="a">Liberty ad-viser combined with Sullivan County press</subfield><subfield code="f">&lt;June 24, 1965-Nov. 16, 1972&gt;</subfield></datafield><datafield ind1=" " ind2=" " tag="260"><subfield code="a">Liberty, N.Y. :</subfield><subfield code="b">H.S. Krum and Geo. W. Weyrauch.</subfield></datafield><datafield ind1=" " ind2=" " tag="300"><subfield code="a">v.</subfield></datafield><datafield ind1=" " ind2=" " tag="310"><subfield code="a">Weekly</subfield></datafield><datafield ind1="1" ind2=" " tag="362"><subfield code="a">Ceased in 1973?</subfield></datafield><datafield ind1=" " ind2=" " tag="500"><subfield code="a">"Sullivan County" appears within masthead ornament.</subfield></datafield><datafield ind1=" " ind2=" " tag="500"><subfield code="a">Published as: Sullivan County press combined with the Liberty ad-viser, &lt;Feb. 12, 1942-Feb. 25, 1943&gt;; and as: Sullivan County press, consolidated with the Liberty ad-viser, &lt;June 24, 1965-Nov. 16, 1972&gt;.</subfield></datafield><datafield ind1=" " ind2=" " tag="588"><subfield code="a">Description based on: Vol. 23, no. 33 (Aug. 15, 1940).</subfield></datafield><datafield ind1=" " ind2="4" tag="651"><subfield code="a">Liberty (N.Y.)</subfield><subfield code="v">Newspapers.</subfield></datafield><datafield ind1=" " ind2=" " tag="752"><subfield code="a">United States</subfield><subfield code="b">New York</subfield><subfield code="c">Sullivan</subfield><subfield code="d">Liberty.</subfield></datafield><datafield ind1="0" ind2="5" tag="780"><subfield code="t">Liberty ad-viser</subfield><subfield code="w">(DLC)sn 90066320</subfield><subfield code="w">(OCoLC)22281932</subfield></datafield><datafield ind1="0" ind2="7" tag="785"><subfield code="t">Livingston Manor times consolidated with the Roscoe-Rockland times</subfield><subfield code="w">(DLC)sn 90066305</subfield><subfield code="w">(OCoLC)22282504</subfield></datafield><datafield ind1="0" ind2="7" tag="785"><subfield code="t">Sullivan County times-press</subfield><subfield code="w">(DLC)sn 90066301</subfield><subfield code="w">(OCoLC)22302061</subfield></datafield><datafield ind1="1" ind2=" " tag="029"><subfield code="a">AU@</subfield><subfield code="b">000020598168</subfield></datafield></record>